{1:F01BTRLRO22AXXX1111111111}{2:I940BTRLRO22XXXXN}{3:{108:045MSOG13346003F}}{4:
:20:0451223320000000001
:25:RO80BTRL04501203000000XX
:28C:00196/00001
:60F:C131211RON362,85
:61:1312111211C1,50NTRF848EIOP133450051
:86:TRANSFER ANDREEA SRL 848RONCRT0000000001 232 BTRLRO22
Incasare OP - canal electronic
:61:1312111211D59,00NTRF045EPOH133450259
:86:COD CL 1234 NR FACT 1234 CV F PLATA FURNIZOR RCS RDS 122 28310
10341182 INGBROBU
Plata OP - canal electronic
:61:1312111211C200,00NMSC848CHDP133450103
:86:ALEXANDRU SRL 181234567
Depunere numerar
:61:1312111211C9,00NTRF848EIOP133450101
:86:ANDREEA SRL 848RONCRT0000000001 233 BTRLRO22
Incasare OP - canal electronic
:61:1312111211D440,46NTRF045EUPP133450006
:86:GDF SUEZ 123 191000003347GDF123456789 BTRLRO22
Plata clienti speciali - canal electronic
:61:1312111211D18,78NMSC547POSP13345002T
:86:POS 11/12/2013 TID 47377000 DREAM TEAM CATERING RESITA BL. 46, SC
. 3, AP 59, SE BUCURESTI ROM 41406548 RRN: 000734074434
Plata la POS
:62F:C131211RON55,11
:64:C131211RON55,11 


:20:0451223320000000001
:25:RO80BTRL04501203000000XX
:28C:00196/00002
:60F:C131211RON362,85
:61:1312111211C1,50NTRF848EIOP133450051
:86:TRANSFER ANDREEA SRL 848RONCRT0000000001 232 BTRLRO22
Incasare OP - canal electronic
:61:1312111211D59,00NTRF045EPOH133450259
:86:COD CL 1234 NR FACT 1234 CV F PLATA FURNIZOR RCS RDS 122 28310
10341182 INGBROBU
Plata OP - canal electronic
:61:1312111211C200,00NMSC848CHDP133450103
:86:ALEXANDRU SRL 181234567
Depunere numerar
:61:1312111211C9,00NTRF848EIOP133450101
:86:ANDREEA SRL 848RONCRT0000000001 233 BTRLRO22
Incasare OP - canal electronic
:61:1312111211D440,46NTRF045EUPP133450006
:86:GDF SUEZ 123 191000003347GDF123456789 BTRLRO22
Plata clienti speciali - canal electronic
:61:1312111211D18,78NMSC547POSP13345002T
:86:POS 11/12/2013 TID 47377000 DREAM TEAM CATERING RESITA BL. 46, SC
. 3, AP 59, SE BUCURESTI ROM 41406548 RRN: 000734074434
Plata la POS
:62F:C131211RON55,11
:64:C131211RON55,11


:20:0451223320000000001
:25:RO80BTRL04501203000000XX
:28C:00196/00003
:60F:C131211RON362,85
:61:1312111211C1,50NTRF848EIOP133450051
:86:TRANSFER ANDREEA SRL 848RONCRT0000000001 232 BTRLRO22
Incasare OP - canal electronic
:61:1312111211D59,00NTRF045EPOH133450259
:86:COD CL 1234 NR FACT 1234 CV F PLATA FURNIZOR RCS RDS 122 28310
10341182 INGBROBU
Plata OP - canal electronic
:61:1312111211C200,00NMSC848CHDP133450103
:86:ALEXANDRU SRL 181234567
Depunere numerar
:61:1312111211C9,00NTRF848EIOP133450101
:86:ANDREEA SRL 848RONCRT0000000001 233 BTRLRO22
Incasare OP - canal electronic
:61:1312111211D440,46NTRF045EUPP133450006
:86:GDF SUEZ 123 191000003347GDF123456789 BTRLRO22
Plata clienti speciali - canal electronic
:61:1312111211D18,78NMSC547POSP13345002T
:86:POS 11/12/2013 TID 47377000 DREAM TEAM CATERING RESITA BL. 46, SC
. 3, AP 59, SE BUCURESTI ROM 41406548 RRN: 000734074434
Plata la POS
:62F:C131211RON55,11
:64:C131211RON55,11


:20:0451223320000000001
:25:RO80BTRL04501203000000XX
:28C:00196/00004
:60F:C131211RON362,85
:61:1312111211C1,50NTRF848EIOP133450051
:86:TRANSFER ANDREEA SRL 848RONCRT0000000001 232 BTRLRO22
Incasare OP - canal electronic
:61:1312111211D59,00NTRF045EPOH133450259
:86:COD CL 1234 NR FACT 1234 CV F PLATA FURNIZOR RCS RDS 122 28310
10341182 INGBROBU
Plata OP - canal electronic
:61:1312111211C200,00NMSC848CHDP133450103
:86:ALEXANDRU SRL 181234567
Depunere numerar
:61:1312111211C9,00NTRF848EIOP133450101
:86:ANDREEA SRL 848RONCRT0000000001 233 BTRLRO22
Incasare OP - canal electronic
:61:1312111211D440,46NTRF045EUPP133450006
:86:GDF SUEZ 123 191000003347GDF123456789 BTRLRO22
Plata clienti speciali - canal electronic
:61:1312111211D18,78NMSC547POSP13345002T
:86:POS 11/12/2013 TID 47377000 DREAM TEAM CATERING RESITA BL. 46, SC
. 3, AP 59, SE BUCURESTI ROM 41406548 RRN: 000734074434
Plata la POS
:62F:C131211RON55,11
:64:C131211RON55,11
-}		



